% Encoding: windows-1251

@InProceedings{EZL_PHENMA2017_2018,
  author    = {Eremin, Artem and Zimmermann, Eugen and Lammering, Rolf},
  title     = {Propagation and attenuation of elastic guided waves in laminate fiber-reinforced composite plates},
  booktitle = {Advanced Materials: Proceedings of the International Conference on "Physics and Mechanics of New Materials and Their Applications", PHENMA 2017},
  year      = {2018},
  editor    = {Parinov, Ivan A. and Chang, Shun-Hsyung and Gupta, Vijay K.},
  volume    = {207},
  pages     = {363--373},
  address   = {Cham},
  publisher = {Springer International Publishing},
  isbn      = {978-3-319-78919-4},
}

@Article{PUTKIS2016,
  author  = {O. Putkis and R.P. Dalton and A.J. Croxford},
  title   = {The anisotropic propagation of ultrasonic guided waves in composite materials and implications for practical applications},
  journal = {Ultrasonics},
  year    = {2016},
  volume  = {65},
  pages   = {390--399},
}

@Article{Mei_2018,
  author  = {Mei, H. and Giurgiutiu, V.},
  title   = {Effect of structural damping on the tuning between piezoelectric wafer active sensors and Lamb waves},
  journal = {Journal of Intelligent Material Systems and Structures},
  year    = {2018},
  volume  = {29 (10)},
  pages   = {2177--2191},
}

@Article{Ostiguy_2017,
  author  = {Ostiguy, P.-C. and Quaegebeur, N. and Masson, P.},
  title   = {Comparison of model-based damage imaging techniques for transversely isotropic composites},
  journal = {Structural Health Monitoring},
  year    = {2017},
  volume  = {16 (4)},
  pages   = {428--443},
}

@Book{lakes_2009,
  title     = {Viscoelastic materials},
  publisher = {Cambridge University Press},
  year      = {2009},
  author    = {Lakes, R.},
  pages     = {480},
  place     = {Cambridge},
}

@Article{Glushkovs_Krivonos2010r,
  author   = {Глушков, Е. В. and Глушкова, Н. В. and Кривонос, А. С.},
  title    = {Возбуждение и распространение упругих волн в многослойных анизотропных композитах},
  journal  = {Прикладная математика и механика},
  year     = {2010},
  volume   = {74},
  number   = {3},
  pages    = {419--432},
  language = {russian},
}

@Book{Vorivich_Babeshko1979r,
  title     = {Динамические смешанные задачи теории упругости для неклассических областей},
  publisher = {М.: Наука},
  year      = {1979},
  author    = {Ворович, И. И. and Бабешко, В. А.},
  language  = {russian},
  pages     = {320},
}

@Article{Glushkovs_Eremin2011,
  author        = {Glushkov, E. and Glushkova, N. and Eremin, A.},
  title         = {Forced wave propagation and energy distribution in anisotropic laminate composites},
  journal       = {Journal of the Acoustical Society of America},
  year          = {2011},
  volume        = {129 (5)},
  pages         = {2923--2934},
  __markedentry = {[static:]},
}

@Book{Auld1973,
  title     = {{Acoustic Fields and Waves in Solids. In 2 vol.}},
  publisher = {New York: Wiley},
  year      = {1973},
  author    = {Auld, B. A.},
  pages     = {431},
}

@Article{EGGL_2015,
  author  = {Eremin, A. A. and Glushkov, E. V. and Glushkova, N. V. and Lammering, R.},
  title   = {Evaluation of effective elastic properties of layered composite fiber-reinforced plastic plates by piezoelectrically induced guided waves and laser {D}oppler vibrometry},
  journal = {Composite Structures},
  year    = {2015},
  volume  = {125},
  pages   = {449--458},
}

@Article{BARTOLI2006,
  author  = {Bartoli, I. and Marzani, A. and di Scalea, F. L. and Viola, E.},
  title   = {Modeling wave propagation in damped waveguides of arbitrary cross-section},
  journal = {Journal of Sound and Vibration},
  year    = {2006},
  volume  = {295 (3)},
  pages   = {685--707},
}

@Book{Lammering2017,
  title     = {{L}amb-wave based {S}tructural {H}ealth {M}onitoring in polymer composites},
  publisher = {Springer},
  year      = {2017},
  author    = {Lammering, R. and Gabbert, U. and Sinapius, M. and Schuster, T. and Wierach, P.},
  pages     = {476},
}

@Article{Willberg2012,
  author  = {Willberg, C. and Koch, S. and Mook, G. and Pohl, J. and Gabbert, U.},
  title   = {Continuous mode conversion of {L}amb waves in {CFRP} plates},
  journal = {Smart Materials and Structures},
  year    = {2012},
  volume  = {21 (075022)},
  pages   = {1--9},
}

@Article{KUDELA2018,
  author  = {Kudela, P. and Radzienski, M. and Ostachowicz, W.},
  title   = {Wave propagation modeling in composites reinforced by randomly oriented fibers},
  journal = {Journal of Sound and Vibration},
  year    = {2018},
  volume  = {414},
  pages   = {110--125},
}

@Article{Leckey2017,
  author  = {Leckey, C. A. C. and Juarez, P. D.},
  title   = {Simulation of guided wave interaction with in-plane fiber waviness},
  journal = {AIP Conference Proceedings},
  year    = {2017},
  volume  = {1806 (020023)},
  pages   = {1--8},
}

@InProceedings{Neumann2014,
  author       = {Neumann, M. N. and Hennings, B. and Lammering, R.},
  title        = {{Quasi-Continuous Mode Conversion of Lamb Waves in CFRP Plates Due to Inhomogeneity on Micro and Meso Scale}},
  booktitle    = {{Proceedings of the 7th European Workshop on Structural Health Monitoring - EWSHM 2014}},
  year         = {2014},
  editor       = {Le Cam, V. and Mevel, L. and Schoefs, F.},
  volume       = {1},
  pages        = {2220--2227},
  organization = {{IFFSTTAR, Inria, Universit{\'e} de Nantes}},
}

@Article{HENNINGS2016,
  author  = {Hennings, B. and Lammering, R.},
  title   = {Material modeling for the simulation of quasi-continuous mode conversion during {L}amb wave propagation in {CFRP}-layers},
  journal = {Composite Structures},
  year    = {2016},
  volume  = {151},
  pages   = {142--148},
}

@Book{Ghanem1991,
  title     = {{Stochastic Finite Elements: A Spectral Approach}},
  publisher = {Springer, New York},
  year      = {1991},
  author    = {Ghanem, R. G. and Spanos, P. D.},
  pages     = {240},
}

@InProceedings{Zimmermann2017,
  author       = {Zimmermann, E. and Eremin, A. and Lammering, R.},
  title        = {{Guided elastic waves in CFRP plates with random material properties}},
  booktitle    = {{Proceedings of the 11th International Workshop on Structural Health Monitoring}},
  year         = {2017},
  editor       = {Chang, F.-K. and Kopsaftopoulos, F.},
  volume       = {1},
  pages        = {94--101},
  organization = {University of Stanford, USA},
  publisher    = {DEStech Publications, Inc.},
}

@Book{Loeve1977,
  title     = {{Probability Theory I}},
  publisher = {Springer, New York},
  year      = {1977},
  author    = {Loeve, M.},
  pages     = {425},
}

@Article{Zimmermann2018,
  author  = {Zimmermann, E. and Eremin, A. and Lammering, R.},
  title   = {Analysis of the continuous mode conversion of {L}amb waves in fiber composites by a stochastic material model and laser vibrometer experiments},
  journal = {GAMM-Mitteilungen},
  year    = {2018},
  volume  = {41 (e201800001)},
  pages   = {1--15},
}

@Article{Huang2001,
  author  = {Huang, S. P. and Quek, S. T. and Phoon, K. K.},
  title   = {Convergence study of the truncated {K}arhunen–{L}oeve expansion for simulation of stochastic processes},
  journal = {International Journal for Numerical Methods in Engineering},
  year    = {2001},
  volume  = {52 (9)},
  pages   = {1029--1043},
}

@Article{MAL2002,
  author  = {Mal, A.},
  title   = {Elastic waves from localized sources in composite laminates},
  journal = {International Journal of Solids and Structures},
  year    = {2002},
  volume  = {39 (21)},
  pages   = {5481--5494},
}

@Article{Yu2013,
  author  = {Yu, L. and Tian, Z.},
  title   = {Lamb wave {S}tructural {H}ealth {M}onitoring using a hybrid {PZT}-{L}aser vibrometer approach},
  journal = {Structural Health Monitoring},
  year    = {2013},
  volume  = {12 (5)},
  pages   = {469--483},
}

@Article{Alleyne1991,
  author  = {Alleyne, D. and Cawley, P.},
  title   = {A two-dimensional Fourier transform method for the measurement of propagating multimode signals},
  journal = {The Journal of the Acoustical Society of America},
  year    = {1991},
  volume  = {89 (3)},
  pages   = {1159--1168},
}

@Article{DrG2005,
  author  = {Giurgiutiu, V.},
  title   = {Tuned {L}amb wave excitation and detection with piezoelectric wafer active sensors for {S}tructural {H}ealth {M}onitoring},
  journal = {Journal of Intelligent Material Systems and Structures},
  year    = {2005},
  volume  = {16 (4)},
  pages   = {291--305},
}

@Comment{jabref-meta: databaseType:bibtex;}
